% This file was created with JabRef 2.6.
% Encoding: Cp1252

% Add your Bibliography here, use types such as MISC, article and inproceedings for styling

%Example:
@TYPE{referenceName,
        property1 = {},
    property2 = {}
    }
% To refer to it write: \cite{referenceName}
% After being recited at least once it appears in the Bibliography section

@MISC{3dprintingstats,
  author={{Wohlers Associates, Unit Sales Estimates of Personal 3D Printers, Industry Briefing}},
  howpublished = {http://wohlersassociates.com/brief07-12.htm}
}


@article{flow,
  title={Flow: The Psychology of Optimal Experience.},
  author={Csikszentmihalyi, M.},
  journal={Harper Perennial Modern Classics},
  pages={},
  year={2008},
}

@inproceedings{virtualtooling,
  title={Enjoying virtual handcrafting with ToolDevice},
  author={Arisandi, R. and Takami, Y. and Otsuki, M. and Kimura, A. and Shibata, F. and Tamura, H.},
  booktitle={Adjunct Proceedings of UIST},
  pages={17--18},
  year={2012},
}

@phdthesis{master-thesis,
    author = {Beyer, Dustin},
    title = {Platener: Low-Fidelity Fabrication of 3D Objects by Substituting 3D Print with Laser-Cut Plates},
    type = {Master thesis},
    year = {2014},
    month = {September},
    school = {Hasso Plattner Institute, Potsdam, Germany}
}


% ARCHITECTURE
%%%%%%%%%%%%%%%%%%%%%%%%%%%%%%%%%%%%%%%%%%%%%%%%%%%%%%%%%%%%%%%
@misc{intro-cg,
  title = {A Short Introduction to Computer Graphics},
  author = {Durand, F.},
  howpublished = {\url{http://people.csail.mit.edu/fredo/Depiction/1_Introduction/reviewGraphics.pdf}},
  note = {Accessed: 2016-06-21}
}

@misc{stl-file,
  title = {Vergleich von Dateiformaten f√ºr 3D-Modelle},
  author = {Heckner, H. and Wirth, M.},
  howpublished = {\url{http://cedifa.de/wp-content/uploads/2014/05/07_3D-Modell-Formate.pdf}},
  note ={Accessed: 2016-06-22}
}

@misc{gamedev-gameloop,
  title = {Game Programming Patterns - Game Loop},
  author = {Nystrom, R.},
  howpublished = {\url{http://gameprogrammingpatterns.com/game-loop.html}},
  note = {Accessed: 2016-06-21}
}

@misc{mdn-webgl,
  title = {Getting started with WebGL},
  author = {Mozilla Developer Network},
  howpublished = {\url{https://developer.mozilla.org/en-US/docs/Web/API/WebGL_API/Tutorial/Getting_started_with_WebGL}},
  note = {Accessed: 2016-06-21}
}



%%%%%%%%%%%%%%%%%%%%%%%%%%%%%%%%%%%%%%%%%%%%%%%%%%%%%%%%%%%%%%%
@MISC{planePlaneIntersection,
        title={Schnitt zweier Ebenen in Normalenform},
    howpublished={https://de.wikipedia.org/wiki/Schnittgerade}
}
